1.@misc{ whitepaper,
  author = "Hopwood, Daira and Bowe, Sean and Hornby, Taylor and Wilcox, Nathan",
  title = "Zcash protocol specification",
  year = "2021",
  howpublished ={\url{https://whitepaper.io/document/645/zcash-whitepaper}},
  note = "[Online]"
}
2.@misc{ project,
  author = "Daira and Bowe",
  title = "Zcash 5.9.0",
  year = "2016",
  howpublished ={\url{https://github.com/zcash/zcash}},
  note = "[Online]"
}
3.@misc{ youtube,
  author = "Blockchain Acceleration Foundation",
  title = "Zcash 101 and Shielded Transaction",
  year = "2020",
  howpublished ={\url{https://www.youtube.com/watch?v=AMNRCNTh4ec}},
  note = "[Online]"
}
4.@misc{ mining,
  author = "Blockchain 4 Innovation",
  title = "Mining criptovalute e bitcoin: cos’è, come farlo (cloud e non) e guadagni",
  year = "2022",
  howpublished ={\url{https://www.blockchain4innovation.it/criptovalute/mining-di-criptovalute-cose-e-come-farlo-e-quanto-si-guadagna/}},
  note = "[Online]"
}
5.@misc{ rand,
  author = "Silfversten, Erik and Favaro, Marina and Slapakova, Linda and Ishikawa, Sascha and Liu, James and Salas, Adrian",
  title = "Exploring the use of Zcash cryptocurrency for illicit or criminal purposes",
  year = "2020",
  howpublished ={\url{https://www.rand.org/content/dam/rand/pubs/research_reports/RR4400/RR4418/RAND_RR4418.pdf}},
  note = "[Online]"
}
6.@misc{zcash-future,
    author = "Daily Trust",
    title = "Unveiling ZCash’s Future Plans And Development Roadmap",
    year = "2023",
    howpublished ={\url{https://dailytrust.com/unveiling-zcashs-future-plans-and-development-roadmap/}},
    note = "[Online]"
}
6.@misc{zcash-privacy,
    author = "Abhimanyu Krishnan",
    title = "What The Future Holds For Zcash: Can It Win The Battle Of The Privacy Coins?",
    year = "2018",
    howpublished ={\url{https://www.investinblockchain.com/zcash-what-the-future-holds/}},
    note = "[Online]"
}
@misc{forum,
    key="Zcash community",
    title = "ZCash community forum",
    howpublished ={\url{https://forum.zcashcommunity.com/}}
}